<record><leader>00000cas a2200000 a 4500</leader><controlfield tag="001">35157725</controlfield><controlfield tag="008">960729d19771979cauwr ne      0    0eng c</controlfield><datafield ind1=" " ind2=" " tag="010"><subfield code="a">sn 96062859 </subfield></datafield><datafield ind1=" " ind2=" " tag="040"><subfield code="a">CNK</subfield><subfield code="b">eng</subfield><subfield code="c">CNK</subfield><subfield code="d">CNK</subfield><subfield code="d">OCLCQ</subfield><subfield code="d">OCLCF</subfield><subfield code="d">OCLCO</subfield></datafield><datafield ind1="1" ind2=" " tag="029"><subfield code="a">AU@</subfield><subfield code="b">000012745908</subfield></datafield><datafield ind1="0" ind2=" " tag="041"><subfield code="a">eng</subfield><subfield code="a">spa</subfield></datafield><datafield ind1=" " ind2=" " tag="042"><subfield code="a">pcc</subfield></datafield><datafield ind1=" " ind2=" " tag="043"><subfield code="a">n-us-ca</subfield></datafield><datafield ind1="0" ind2="4" tag="245"><subfield code="a">The San Fernando Valley sun and Sylmar breeze.</subfield></datafield><datafield ind1="1" ind2="3" tag="246"><subfield code="a">Sun and breeze</subfield></datafield><datafield ind1=" " ind2=" " tag="260"><subfield code="a">San Fernando, Calif. :</subfield><subfield code="b">Michael J. Flannery</subfield></datafield><datafield ind1=" " ind2=" " tag="300"><subfield code="a">v.</subfield></datafield><datafield ind1=" " ind2=" " tag="310"><subfield code="a">Weekly</subfield></datafield><datafield ind1="0" ind2=" " tag="362"><subfield code="a">Vol. 73, no. 44 (Nov. 30, 1977)-v. 75, no. 4 (Jan. 24, 1979).</subfield></datafield><datafield ind1=" " ind2=" " tag="500"><subfield code="a">"San Fernando Valley" and "and Sylmar Breeze" appear in smaller type in masthead.</subfield></datafield><datafield ind1=" " ind2=" " tag="530"><subfield code="a">Master negatives are available for duplication from:</subfield><subfield code="b">California Newspaper Microfilm Archive;</subfield><subfield code="c">positive copies may be purchased by the reel; for further information consult the CNMA at:</subfield><subfield code="u">http://cbsr.ucr.edu</subfield></datafield><datafield ind1=" " ind2=" " tag="546"><subfield code="a">In English and Spanish.</subfield></datafield><datafield ind1=" " ind2="0" tag="651"><subfield code="a">San Fernando Valley (Calif.)</subfield><subfield code="v">Newspapers.</subfield></datafield><datafield ind1=" " ind2="7" tag="655"><subfield code="a">Newspapers.</subfield><subfield code="2">fast</subfield><subfield code="0">(OCoLC)fst01423814</subfield></datafield><datafield ind1=" " ind2="7" tag="651"><subfield code="a">California</subfield><subfield code="z">San Fernando Valley.</subfield><subfield code="2">fast</subfield><subfield code="0">(OCoLC)fst01242395</subfield></datafield><datafield ind1=" " ind2=" " tag="752"><subfield code="a">United States</subfield><subfield code="b">California</subfield><subfield code="c">Los Angeles</subfield><subfield code="d">San Fernando.</subfield></datafield><datafield ind1="0" ind2=" " tag="775"><subfield code="t">Sun and breeze</subfield><subfield code="w">(DLC)sn 96062862</subfield></datafield><datafield ind1="0" ind2="0" tag="780"><subfield code="t">San Fernando Valley sun and breeze (San Fernando, Calif. : 1970)</subfield><subfield code="w">(DLC)sn 96062858</subfield></datafield><datafield ind1="0" ind2="0" tag="785"><subfield code="t">San Fernando Valley sun and breeze (San Fernando, Calif : 1979)</subfield><subfield code="w">(DLC)sn 96062860</subfield></datafield></record>